%% This BibTeX bibliography file was created using BibDesk.
%% http://bibdesk.sourceforge.net/

%% Created for littletotoro at 2017-02-18 18:02:52 +0800 


%% Saved with string encoding Unicode (UTF-8) 

@book{percival1993spectral, 
place={Cambridge}, 
title={Spectral Analysis for Physical Applications}, 
publisher={Cambridge University Press}, 
author={Percival, Donald B. and Walden, Andrew T.}, year={1993}
}

@inproceedings{van2016conditional,
  title={Conditional image generation with pixelcnn decoders},
  author={van den Oord, Aaron and Kalchbrenner, Nal and Espeholt, Lasse and Vinyals, Oriol and Graves, Alex and others},
  booktitle={NIPS},
  pages={4790--4798},
  year={2016}
}

@inproceedings{zhang2017deep,
  title={Deep Spatio-Temporal Residual Networks for Citywide Crowd Flows Prediction.},
  author={Zhang, Junbo and Zheng, Yu and Qi, Dekang},
  booktitle={AAAI},
  pages={1655--1661},
  year={2017}
}

@article{greff2017lstm,
  title={LSTM: A search space odyssey},
  author={Greff, Klaus and Srivastava, Rupesh K and Koutn{\'\i}k, Jan and Steunebrink, Bas R and Schmidhuber, J{\"u}rgen},
  journal={IEEE transactions on neural networks and learning systems},
  volume={28},
  number={10},
  pages={2222--2232},
  year={2017},
  publisher={IEEE}
}

@inproceedings{vondrick2016generating,
  title={Generating videos with scene dynamics},
  author={Vondrick, Carl and Pirsiavash, Hamed and Torralba, Antonio},
  booktitle={Advances In Neural Information Processing Systems},
  pages={613--621},
  year={2016}
}

@article{villegas2017learning,
  title={Learning to Generate Long-term Future via Hierarchical Prediction},
  author={Villegas, Ruben and Yang, Jimei and Zou, Yuliang and Sohn, Sungryull and Lin, Xunyu and Lee, Honglak},
  journal={arXiv preprint arXiv:1704.05831},
  year={2017}
}

@inproceedings{bengio2015scheduled,
  title={Scheduled sampling for sequence prediction with recurrent neural networks},
  author={Bengio, Samy and Vinyals, Oriol and Jaitly, Navdeep and Shazeer, Noam},
  booktitle={Advances in Neural Information Processing Systems},
  pages={1171--1179},
  year={2015}
}

@inproceedings{bhattacharjee2017temporal,
  title={Temporal Coherency based Criteria for Predicting Video Frames using Deep Multi-stage Generative Adversarial Networks},
  author={Bhattacharjee, Prateep and Das, Sukhendu},
  booktitle={Advances in Neural Information Processing Systems},
  pages={4271--4280},
  year={2017}
}
@inproceedings{shi2017deep,
  title={Deep Learning for Precipitation Nowcasting: A Benchmark and A New Model},
  author={Shi, Xingjian and Gao, Zhihan and Lausen, Leonard and Wang, Hao and Yeung, Dit-Yan and Wong, Wai-kin and Woo, Wang-chun},
  booktitle={Advances in Neural Information Processing Systems},
  year={2017}
}

@inproceedings{lu2017flexible,
  title={Flexible Spatio-Temporal Networks for Video Prediction},
  author={Lu, Chaochao and Hirsch, Michael and Sch{\"o}lkopf, Bernhard},
  booktitle={Proceedings of the IEEE Conference on Computer Vision and Pattern Recognition},
  pages={6523--6531},
  year={2017}
}

@inproceedings{wang2017predrnn,
  title={PredRNN: Recurrent Neural Networks for Predictive Learning using Spatiotemporal LSTMs},
  author={Wang, Yunbo and Long, Mingsheng and Wang, Jianmin and Gao, Zhifeng and Philip, S Yu},
  booktitle={Advances in Neural Information Processing Systems},
  pages={879--888},
  year={2017}
}

@inproceedings{ballas2015delving,
  title={Delving deeper into convolutional networks for learning video representations},
  author={Ballas, Nicolas and Yao, Li and Pal, Chris and Courville, Aaron},
  booktitle={ICLR},
  year={2016}
}

@article{rumelhart1988learning,
	Author = {Rumelhart, David E and Hinton, Geoffrey E and Williams, Ronald J},
	Journal = {Cognitive modeling},
	Number = {3},
	Pages = {1},
	Title = {Learning representations by back-propagating errors},
	Volume = {5},
	Year = {1988}
}

@article{werbos1990backpropagation,
	Author = {Werbos, Paul J},
	Journal = {Proceedings of the IEEE},
	Number = {10},
	Pages = {1550--1560},
	Publisher = {IEEE},
	Title = {Backpropagation through time: what it does and how to do it},
	Volume = {78},
	Year = {1990}}

@inproceedings{shi2015convolutional,
	Author = {Shi, Xingjian and Chen, Zhourong and Wang, Hao and Yeung, Dit-Yan and Wong, Wai-Kin and Woo, Wang-chun},
	Booktitle = {NIPS},
	Date-Modified = {2017-02-18 08:10:37 +0000},
	Pages = {802--810},
	Title = {Convolutional LSTM network: A machine learning approach for precipitation nowcasting},
	Year = {2015}}

@inproceedings{Karpathy14,
	Author = {Karpathy, Andrej and Toderici, George and Shetty, Sanketh and Leung, Thomas and Sukthankar, Rahul and Fei-Fei, Li},
	Booktitle = {CVPR},
	Date-Modified = {2017-02-18 08:12:23 +0000},
	Pages = {1725--1732},
	Title = {Large-scale video classification with convolutional neural networks},
	Year = {2014}}

@conference{Feichtenhofer16,
	Author = {Feichtenhofer, C. and Pinz, A. and Zisserman, A.},
	Booktitle = {CVPR},
	Date-Modified = {2017-02-18 08:10:40 +0000},
	Title = {Convolutional Two-Stream Network Fusion for Video Action Recognition},
	Year = {2016}}

@inproceedings{Simonyan14,
	Author = {Simonyan, Karen and Zisserman, Andrew},
	Booktitle = {NIPS},
	Date-Modified = {2017-02-18 08:14:08 +0000},
	Pages = {568--576},
	Title = {Two-stream convolutional networks for action recognition in videos},
	Year = {2014}}

@article{Ji13,
	Author = {Ji, Shuiwang and Xu, Wei and Yang, Ming and Yu, Kai},
	Date-Modified = {2017-02-18 08:09:25 +0000},
	Journal = {TPAMI},
	Number = {1},
	Pages = {221--231},
	Publisher = {IEEE},
	Title = {3D convolutional neural networks for human action recognition},
	Volume = {35},
	Year = {2013}}

@inproceedings{Tran15,
	Author = {Tran, Du and Bourdev, Lubomir and Fergus, Rob and Torresani, Lorenzo and Paluri, Manohar},
	Booktitle = {ICCV},
	Date-Modified = {2017-02-18 08:12:38 +0000},
	Organization = {IEEE},
	Pages = {4489--4497},
	Title = {Learning spatiotemporal features with 3d convolutional networks},
	Year = {2015}}

@inproceedings{Ng15,
	Author = {Yue-Hei Ng, Joe and Hausknecht, Matthew and Vijayanarasimhan, Sudheendra and Vinyals, Oriol and Monga, Rajat and Toderici, George},
	Booktitle = {CVPR},
	Date-Modified = {2017-02-18 08:10:07 +0000},
	Pages = {4694--4702},
	Title = {Beyond short snippets: Deep networks for video classification},
	Year = {2015}}

@article{Soomro12,
	Author = {Soomro, Khurram and Zamir, Amir Roshan and Shah, Mubarak},
	Journal = {arXiv preprint arXiv:1212.0402},
	Title = {UCF101: A dataset of 101 human actions classes from videos in the wild},
	Year = {2012}}

@inproceedings{Kuehne12,
	Author = {Kuehne, Hildegard and Jhuang, Hueihan and Garrote, Est{\'\i}baliz and Poggio, Tomaso and Serre, Thomas},
	Booktitle = {ICCV},
	Date-Modified = {2017-02-18 08:11:44 +0000},
	Organization = {IEEE},
	Pages = {2556--2563},
	Title = {HMDB: a large video database for human motion recognition},
	Year = {2011}}

@inproceedings{Jia14,
	Author = {Jia, Yangqing and Shelhamer, Evan and Donahue, Jeff and Karayev, Sergey and Long, Jonathan and Girshick, Ross and Guadarrama, Sergio and Darrell, Trevor},
	Booktitle = {ACM Multimedia},
	Date-Modified = {2017-02-18 08:10:23 +0000},
	Organization = {ACM},
	Pages = {675--678},
	Title = {Caffe: Convolutional architecture for fast feature embedding},
	Year = {2014}}

@inproceedings{wang2013action,
	Author = {Wang, Heng and Schmid, Cordelia},
	Booktitle = {CVPR},
	Date-Modified = {2017-02-18 08:09:41 +0000},
	Pages = {3551--3558},
	Title = {Action recognition with improved trajectories},
	Year = {2013}}

@inproceedings{krizhevsky2012imagenet,
	Author = {Krizhevsky, Alex and Sutskever, Ilya and Hinton, Geoffrey E},
	Booktitle = {NIPS},
	Date-Modified = {2017-02-18 08:12:12 +0000},
	Pages = {1097--1105},
	Title = {Imagenet classification with deep convolutional neural networks},
	Year = {2012}}

@conference{simonyan2015very,
	Author = {Simonyan, Karen and Zisserman, Andrew},
	Booktitle = {ICLR},
	Date-Modified = {2017-02-18 08:14:19 +0000},
	Title = {Very deep convolutional networks for large-scale image recognition},
	Year = {2015}}

@inproceedings{szegedy2015going,
	Author = {Szegedy, Christian and Liu, Wei and Jia, Yangqing and Sermanet, Pierre and Reed, Scott and Anguelov, Dragomir and Erhan, Dumitru and Vanhoucke, Vincent and Rabinovich, Andrew},
	Booktitle = {CVPR},
	Date-Modified = {2017-02-18 08:11:29 +0000},
	Pages = {1--9},
	Title = {Going deeper with convolutions},
	Year = {2015}}

@conference{zhang2016real,
	Author = {Zhang, Bowen and Wang, Limin and Wang, Zhe and Qiao, Yu and Wang, Hanli},
	Booktitle = {CVPR},
	Date-Modified = {2017-02-18 08:13:22 +0000},
	Title = {Real-time Action Recognition with Enhanced Motion Vector CNNs},
	Year = {2016}}

@inproceedings{donahue2015long,
	Author = {Donahue, Jeffrey and Anne Hendricks, Lisa and Guadarrama, Sergio and Rohrbach, Marcus and Venugopalan, Subhashini and Saenko, Kate and Darrell, Trevor},
	Booktitle = {CVPR},
	Date-Modified = {2017-02-18 08:12:54 +0000},
	Pages = {2625--2634},
	Title = {Long-term recurrent convolutional networks for visual recognition and description},
	Year = {2015}}

@article{fukui2016multimodal,
	Author = {Fukui, Akira and Park, Dong Huk and Yang, Daylen and Rohrbach, Anna and Darrell, Trevor and Rohrbach, Marcus},
	Journal = {arXiv preprint arXiv:1606.01847},
	Title = {Multimodal Compact Bilinear Pooling for Visual Question Answering and Visual Grounding},
	Year = {2016}}

@conference{lu2016hierarchical,
	Author = {Lu, Jiasen and Yang, Jianwei and Batra, Dhruv and Parikh, Devi},
	Booktitle = {NIPS},
	Date-Modified = {2017-02-18 08:11:36 +0000},
	Title = {Hierarchical Question-Image Co-Attention for Visual Question Answering},
	Year = {2016}}

@article{yang2015stacked,
	Author = {Yang, Zichao and He, Xiaodong and Gao, Jianfeng and Deng, Li and Smola, Alex},
	Journal = {arXiv preprint arXiv:1511.02274},
	Title = {Stacked attention networks for image question answering},
	Year = {2015}}

@conference{xu2015show,
	Author = {Xu, Kelvin and Ba, Jimmy and Kiros, Ryan and Cho, Kyunghyun and Courville, Aaron and Salakhutdinov, Ruslan and Zemel, Richard S and Bengio, Yoshua},
	Booktitle = {ICML},
	Date-Modified = {2017-02-18 08:13:48 +0000},
	Title = {Show, attend and tell: Neural image caption generation with visual attention},
	Year = {2015}}

@inproceedings{pham2013fast,
	Author = {Pham, Ninh and Pagh, Rasmus},
	Booktitle = {SIGKDD},
	Date-Modified = {2017-02-18 08:11:12 +0000},
	Organization = {ACM},
	Pages = {239--247},
	Title = {Fast and scalable polynomial kernels via explicit feature maps},
	Year = {2013}}

@inproceedings{lin2015bilinear,
	Author = {Lin, Tsung-Yu and RoyChowdhury, Aruni and Maji, Subhransu},
	Booktitle = {CVPR},
	Date-Modified = {2017-02-18 08:10:12 +0000},
	Pages = {1449--1457},
	Title = {Bilinear CNN models for fine-grained visual recognition},
	Year = {2015}}

@conference{gao2016compact,
	Author = {Gao, Yang and Beijbom, Oscar and Zhang, Ning and Darrell, Trevor},
	Booktitle = {CVPR},
	Date-Modified = {2017-02-18 08:10:28 +0000},
	Title = {Compact bilinear pooling},
	Year = {2016}}

@inproceedings{deng2009imagenet,
	Author = {Deng, Jia and Dong, Wei and Socher, Richard and Li, Li-Jia and Li, Kai and Fei-Fei, Li},
	Booktitle = {CVPR},
	Date-Modified = {2017-02-18 08:12:08 +0000},
	Organization = {IEEE},
	Pages = {248--255},
	Title = {Imagenet: A large-scale hierarchical image database},
	Year = {2009}}

@inproceedings{sun2015human,
	Author = {Sun, Lin and Jia, Kui and Yeung, Dit-Yan and Shi, Bertram E},
	Booktitle = {ICCV},
	Date-Modified = {2017-02-18 08:11:49 +0000},
	Pages = {4597--4605},
	Title = {Human action recognition using factorized spatio-temporal convolutional networks},
	Year = {2015}}

@inproceedings{brox2004high,
	Author = {Brox, Thomas and Bruhn, Andr{\'e}s and Papenberg, Nils and Weickert, Joachim},
	Booktitle = {ECCV},
	Date-Modified = {2017-02-18 08:11:40 +0000},
	Organization = {Springer},
	Pages = {25--36},
	Title = {High accuracy optical flow estimation based on a theory for warping},
	Year = {2004}}

@inproceedings{cheron2015p,
	Author = {Ch{\'e}ron, Guilhem and Laptev, Ivan and Schmid, Cordelia},
	Booktitle = {CVPR},
	Date-Modified = {2017-02-18 08:13:18 +0000},
	Pages = {3218--3226},
	Title = {P-CNN: Pose-based CNN features for action recognition},
	Year = {2015}}

@inproceedings{cimpoi2015deep,
	Author = {Cimpoi, Mircea and Maji, Subhransu and Vedaldi, Andrea},
	Booktitle = {CVPR},
	Date-Modified = {2017-02-18 08:10:45 +0000},
	Pages = {3828--3836},
	Title = {Deep filter banks for texture recognition and segmentation},
	Year = {2015}}

@conference{ioffe2015batch,
	Author = {Ioffe, Sergey and Szegedy, Christian},
	Booktitle = {ICML},
	Date-Modified = {2017-02-18 08:10:02 +0000},
	Title = {Batch normalization: Accelerating deep network training by reducing internal covariate shift},
	Year = {2015}}

@inproceedings{laptev2008learning,
	Author = {Laptev, Ivan and Marszalek, Marcin and Schmid, Cordelia and Rozenfeld, Benjamin},
	Booktitle = {CVPR},
	Date-Modified = {2017-02-18 08:12:34 +0000},
	Organization = {IEEE},
	Pages = {1--8},
	Title = {Learning realistic human actions from movies},
	Year = {2008}}

@inproceedings{srivastava2015unsupervised,
	Author = {Srivastava, Nitish and Mansimov, Elman and Salakhutdinov, Ruslan},
	Booktitle = {ICML},
	Title = {Unsupervised learning of video representations using lstms},
	Year = {2015}}

@inproceedings{taylor2010convolutional,
	Author = {Taylor, Graham W and Fergus, Rob and LeCun, Yann and Bregler, Christoph},
	Booktitle = {ECCV},
	Date-Modified = {2017-02-18 08:10:33 +0000},
	Organization = {Springer},
	Pages = {140--153},
	Title = {Convolutional learning of spatio-temporal features},
	Year = {2010}}

@inproceedings{wang2015action,
	Author = {Wang, Limin and Qiao, Yu and Tang, Xiaoou},
	Booktitle = {CVPR},
	Date-Modified = {2017-02-18 08:09:50 +0000},
	Pages = {4305--4314},
	Title = {Action recognition with trajectory-pooled deep-convolutional descriptors},
	Year = {2015}}

@inproceedings{weinzaepfel2015learning,
	Author = {Weinzaepfel, Philippe and Harchaoui, Zaid and Schmid, Cordelia},
	Booktitle = {CVPR},
	Date-Modified = {2017-02-18 08:12:48 +0000},
	Pages = {3164--3172},
	Title = {Learning to track for spatio-temporal action localization},
	Year = {2015}}

@inproceedings{zach2007duality,
	Author = {Zach, Christopher and Pock, Thomas and Bischof, Horst},
	Booktitle = {Joint Pattern Recognition Symposium},
	Organization = {Springer},
	Pages = {214--223},
	Title = {A duality based approach for realtime TV-L 1 optical flow},
	Year = {2007}}

@inproceedings{perronnin2010improving,
	Author = {Perronnin, Florent and S{\'a}nchez, Jorge and Mensink, Thomas},
	Booktitle = {ECCV},
	Date-Modified = {2017-02-18 08:12:16 +0000},
	Organization = {Springer},
	Pages = {143--156},
	Title = {Improving the fisher kernel for large-scale image classification},
	Year = {2010}}

@conference{He2015Deep,
	Author = {He, Kaiming and Zhang, Xiangyu and Ren, Shaoqing and Sun, Jian},
	Booktitle = {CVPR},
	Date-Modified = {2017-02-18 08:11:04 +0000},
	Title = {Deep Residual Learning for Image Recognition},
	Year = {2016}}

@article{lecun1998gradient,
	Author = {LeCun, Yann and Bottou, L{\'e}on and Bengio, Yoshua and Haffner, Patrick},
	Date-Modified = {2017-02-18 10:02:21 +0000},
	Journal = {PIEEE},
	Number = {11},
	Pages = {2278--2324},
	Publisher = {IEEE},
	Title = {Gradient-based learning applied to document recognition},
	Volume = {86},
	Year = {1998}}

@inproceedings{charikar2002finding,
	Author = {Charikar, Moses and Chen, Kevin and Farach-Colton, Martin},
	Booktitle = {International Colloquium on Automata, Languages, and Programming},
	Organization = {Springer},
	Pages = {693--703},
	Title = {Finding frequent items in data streams},
	Year = {2002}}

@article{Hochreiter1997Long,
	Author = {Hochreiter, Sepp and Schmidhuber, J{\"u}rgen},
	Journal = {Neural computation},
	Number = {8},
	Pages = {1735--1780},
	Publisher = {MIT Press},
	Title = {Long short-term memory},
	Volume = {9},
	Year = {1997}}

@article{wang2015towards,
	Author = {Wang, Limin and Xiong, Yuanjun and Wang, Zhe and Qiao, Yu},
	Journal = {arXiv preprint arXiv:1507.02159},
	Title = {Towards good practices for very deep two-stream convnets},
	Year = {2015}}

@inproceedings{zeiler2011adaptive,
	Author = {Zeiler, Matthew D. and Taylor, Graham W. and Fergus, Rob},
	Booktitle = {ICCV},
	Date-Modified = {2017-02-18 08:09:57 +0000},
	Pages = {2018-2025},
	Title = {Adaptive deconvolutional networks for mid and high level feature learning},
	Year = {2011}}

@inproceedings{zeiler2013visualizing,
	Author = {Zeiler, Matthew D and Fergus, Rob},
	Booktitle = {ECCV},
	Date-Modified = {2017-02-18 08:14:30 +0000},
	Organization = {Springer},
	Pages = {818--833},
	Title = {Visualizing and understanding convolutional networks},
	Year = {2014}}

@inproceedings{Graves2014Towards,
	Author = {Graves, A. and Jaitly, N.},
	Booktitle = {ICML},
	Date-Modified = {2017-02-18 08:14:01 +0000},
	Pages = {1764-1772},
	Title = {Towards end-to-end speech recognition with recurrent neural networks},
	Year = {2014}}

@article{Cho2014On,
	Author = {Cho, Kyunghyun and Van Merri{\"e}nboer, Bart and Bahdanau, Dzmitry and Bengio, Yoshua},
	Journal = {arXiv preprint arXiv:1409.1259},
	Title = {On the properties of neural machine translation: Encoder-decoder approaches},
	Year = {2014}}

@article{Sutskever2014Sequence,
	Author = {Sutskever, Ilya and Vinyals, Oriol and Le, Quoc V.},
	Date-Modified = {2017-02-18 08:13:40 +0000},
	Journal = {NIPS},
	Pages = {3104-3112},
	Title = {Sequence to Sequence Learning with Neural Networks},
	Volume = {4},
	Year = {2014}}

@inproceedings{Kingma2014Adam,
	Author = {Kingma, Diederik and Ba, Jimmy},
	Booktitle = {ICLR},
	Title = {Adam: A method for stochastic optimization},
	Year = {2015}}

@article{Abadi2016TensorFlow,
	Author = {Abadi, Mart{\'\i}n and Agarwal, Ashish and Barham, Paul and Brevdo, Eugene and Chen, Zhifeng and Citro, Craig and Corrado, Greg S and Davis, Andy and Dean, Jeffrey and Devin, Matthieu and others},
	Journal = {arXiv preprint arXiv:1603.04467},
	Title = {Tensorflow: Large-scale machine learning on heterogeneous distributed systems},
	Year = {2016}}

@inproceedings{Venugopalan2015Sequence,
	Author = {Venugopalan, Subhashini and Rohrbach, Marcus and Donahue, Jeffrey and Mooney, Raymond and Darrell, Trevor and Saenko, Kate},
	Booktitle = {CVPR},
	Date-Modified = {2017-02-18 08:13:44 +0000},
	Pages = {4534--4542},
	Title = {Sequence to sequence-video to text},
	Year = {2015}}

@article{Bahdanau2014Neural,
	Author = {Bahdanau, Dzmitry and Cho, Kyunghyun and Bengio, Yoshua},
	Journal = {arXiv preprint arXiv:1409.0473},
	Title = {Neural machine translation by jointly learning to align and translate},
	Year = {2014}}

@inproceedings{Vinyals2012Revisiting,
	Author = {Vinyals, O and Ravuri, S. V and Povey, D},
	Booktitle = {ICASSP},
	Date-Modified = {2017-02-18 08:13:36 +0000},
	Pages = {4085-4088},
	Title = {Revisiting Recurrent Neural Networks for robust ASR},
	Year = {2012}}

@inproceedings{Sutskever2011Generating,
	Author = {Sutskever, Ilya and Martens, James and Hinton, Geoffrey E.},
	Booktitle = {ICML},
	Date-Modified = {2017-02-18 08:11:22 +0000},
	Pages = {1017-1024},
	Title = {Generating Text with Recurrent Neural Networks},
	Year = {2011}}

@article{Zaremba2015Learning,
	Author = {Zaremba, Wojciech and Sutskever, Ilya},
	Journal = {arXiv preprint arXiv:1410.4615},
	Title = {Learning to execute},
	Year = {2014}}

@article{Gustavsson2012On,
	Author = {Pascanu, Razvan and Mikolov, Tomas and Bengio, Yoshua},
	Date-Modified = {2017-02-18 08:13:12 +0000},
	Journal = {ICML},
	Pages = {1310--1318},
	Title = {On the difficulty of training recurrent neural networks.},
	Volume = {28},
	Year = {2013}}

@article{bianchini2014complexity,
  title={On the complexity of neural network classifiers: A comparison between shallow and deep architectures},
  author={Bianchini, Monica and Scarselli, Franco},
  journal={IEEE transactions on neural networks and learning systems},
  volume={25},
  number={8},
  pages={1553--1565},
  year={2014},
  publisher={IEEE}
}

@inproceedings{srivastava2015training,
  title={Training very deep networks},
  author={Srivastava, Rupesh K and Greff, Klaus and Schmidhuber, J{\"u}rgen},
  booktitle={Advances in neural information processing systems},
  pages={2377--2385},
  year={2015}
}

@article{bengio1994learning,
  title={Learning long-term dependencies with gradient descent is difficult},
  author={Bengio, Yoshua and Simard, Patrice and Frasconi, Paolo},
  journal={IEEE transactions on neural networks},
  volume={5},
  number={2},
  pages={157--166},
  year={1994},
  publisher={IEEE}
}

@article{Hateren1998Independent,
	Author = {Hateren, J. H. Van and Ruderman, D. L.},
	Date-Modified = {2017-02-18 10:02:52 +0000},
	Journal = {Biological Sciences},
	Number = {1412},
	Pages = {2315},
	Title = {Independent Component Analysis of Natural Image Sequences Yields Spatio-Temporal Filters Similar to Simple Cells in Primary Visual Cortex},
	Volume = {265},
	Year = {1998}}

@article{Hurri2003Simple,
	Author = {Hurri, Jarmo and Rinen, Aapo},
	Journal = {Neural Computation},
	Number = {3},
	Pages = {663},
	Title = {Simple-cell-like receptive fields maximize temporal coherence in natural video},
	Volume = {15},
	Year = {2003}}

@inproceedings{Mobahi2009Deep,
	Author = {Mobahi, Hossein and Collobert, Ronan and Weston, Jason},
	Booktitle = {ICML},
	Date-Modified = {2017-02-18 08:10:57 +0000},
	Pages = {93},
	Title = {Deep learning from temporal coherence in video},
	Year = {2009}}

@inproceedings{Le2010Learning,
	Author = {Le, Quoc V and Zou, Will Y and Yeung, Serena Y and Ng, Andrew Y},
	Booktitle = {CVPR},
	Date-Modified = {2017-02-18 08:12:30 +0000},
	Organization = {IEEE},
	Pages = {3361--3368},
	Title = {Learning hierarchical invariant spatio-temporal features for action recognition with independent subspace analysis},
	Year = {2011}}

@article{Memisevic2010Learning,
	Author = {Memisevic, R and Hinton, G. E.},
	Journal = {Neural Computation},
	Number = {6},
	Pages = {1473},
	Title = {Learning to represent spatial transformations with factored higher-order Boltzmann machines.},
	Volume = {22},
	Year = {2010}}

@inproceedings{Susskind2011Modeling,
	Author = {Susskind, J and Memisevic, R and Hinton, G and Pollefeys, M},
	Booktitle = {CVPR},
	Date-Modified = {2017-02-18 08:13:03 +0000},
	Pages = {2793-2800},
	Title = {Modeling the joint density of two images under a variety of transformations},
	Year = {2011}}

@inproceedings{wu2017learning,
  title={Learning to see physics via visual de-animation},
  author={Wu, Jiajun and Lu, Erika and Kohli, Pushmeet and Freeman, Bill and Tenenbaum, Josh},
  booktitle={Advances in Neural Information Processing Systems},
  pages={152--163},
  year={2017}
}

@article{williams1995gradient,
  title={Gradient-based learning algorithms for recurrent networks and their computational complexity},
  author={Williams, Ronald J and Zipser, David},
  journal={Backpropagation: Theory, architectures, and applications},
  volume={1},
  pages={433--486},
  year={1995},
  publisher={Lawrence Erlbaum Publ}
}

@inproceedings{Michalski2014Modeling,
	Author = {Michalski, Vincent and Memisevic, Roland and Konda, Kishore},
	Booktitle = {NIPS},
	Date-Modified = {2017-02-18 08:12:58 +0000},
	Pages = {1925-1933},
	Title = {Modeling Deep Temporal Dependencies with Recurrent Grammar Cells},
	Year = {2014}}

@article{Ranzato2014Video,
	Author = {Ranzato, MarcAurelio and Szlam, Arthur and Bruna, Joan and Mathieu, Michael and Collobert, Ronan and Chopra, Sumit},
	Journal = {arXiv preprint arXiv:1412.6604},
	Title = {Video (language) modeling: a baseline for generative models of natural videos},
	Year = {2014}}

@inproceedings{Oh2015Action,
	Author = {Oh, Junhyuk and Guo, Xiaoxiao and Lee, Honglak and Lewis, Richard L and Singh, Satinder},
	Booktitle = {NIPS},
	Date-Modified = {2017-02-18 08:09:45 +0000},
	Pages = {2863--2871},
	Title = {Action-conditional video prediction using deep networks in atari games},
	Year = {2015}}

@inproceedings{Mathieu2015Deep,
	Author = {Mathieu, Michael and Couprie, Camille and LeCun, Yann},
	Booktitle = {ICLR},
	Title = {Deep multi-scale video prediction beyond mean square error},
	Year = {2016}}

@article{Goodfellow2014Generative,
	Author = {Goodfellow, Ian J. and Pougetabadie, Jean and Mirza, Mehdi and Xu, Bing and Wardefarley, David and Ozair, Sherjil and Courville, Aaron and Bengio, Yoshua},
	Date-Modified = {2017-02-18 08:11:26 +0000},
	Journal = {NIPS},
	Pages = {2672-2680},
	Title = {Generative Adversarial Networks},
	Volume = {3},
	Year = {2014}}

@inproceedings{Denton2015Deep,
	Author = {Denton, Emily L and Chintala, Soumith and Fergus, Rob and others},
	Booktitle = {NIPS},
	Date-Modified = {2017-02-18 08:10:50 +0000},
	Pages = {1486--1494},
	Title = {Deep Generative Image Models using a Laplacian Pyramid of Adversarial Networks},
	Year = {2015}
}

@inproceedings{lerer2016learning,
	Author = {Lerer, Adam and Gross, Sam and Fergus, Rob},
	Booktitle = {ICML},
	Title = {Learning physical intuition of block towers by example},
	Year = {2016}}

@inproceedings{zilly2016recurrent,
	Author = {Zilly, Julian Georg and Srivastava, Rupesh Kumar and Koutn{\'\i}k, Jan and Schmidhuber, J{\"u}rgen},
	Booktitle = {ICML},
	Title = {Recurrent highway networks},
	Year = {2017}}

@inproceedings{Kalchbrenner2016Video,
	Author = {Kalchbrenner, Nal and Oord, Aaron van den and Simonyan, Karen and Danihelka, Ivo and Vinyals, Oriol and Graves, Alex and Kavukcuoglu, Koray},
	Booktitle = {ICML},
	Title = {Video pixel networks},
	Year = {2017}}

@article{Wang2004Image,
	Author = {Wang, Zhou and Bovik, A. C and Sheikh, H. R and Simoncelli, E. P},
	Date-Modified = {2017-02-18 10:00:48 +0000},
	Journal = {TIP},
	Number = {4},
	Pages = {600},
	Title = {Image quality assessment: from error visibility to structural similarity},
	Volume = {13},
	Year = {2004}}

@article{ba2016layer,
	Author = {Ba, Jimmy Lei and Kiros, Jamie Ryan and Hinton, Geoffrey E},
	Journal = {arXiv preprint arXiv:1607.06450},
	Title = {Layer normalization},
	Year = {2016}}

@inproceedings{de2016dynamic,
	Author = {De Brabandere, Bert and Jia, Xu and Tuytelaars, Tinne and Van Gool, Luc},
	Booktitle = {NIPS},
	Date-Modified = {2017-02-18 08:11:08 +0000},
	Title = {Dynamic filter networks},
	Year = {2016}}

@inproceedings{patraucean2015spatio,
	Author = {Patraucean, Viorica and Handa, Ankur and Cipolla, Roberto},
	Booktitle = {ICLR Workshop},
	Title = {Spatio-temporal video autoencoder with differentiable memory},
	Year = {2016}}

@inproceedings{Finn2016Unsupervised,
	Author = {Finn, Chelsea and Goodfellow, Ian and Levine, Sergey},
	Booktitle = {NIPS},
	Title = {Unsupervised Learning for Physical Interaction through Video Prediction},
	Year = {2016}}

@inproceedings{Villegas2017Decomposing,
	Author = {Villegas, Ruben and Yang, Jimei and Hong, Seunghoon and Lin, Xunyu and Lee, Honglak},
	Booktitle = {International Conference on Learning Representations (ICLR)},
	Title = {Decomposing Motion and Content for Natural Video Sequence Prediction},
	Year = {2017}}

@inproceedings{Sch2004Recognizing,
  title={Recognizing human actions: a local SVM approach},
  author={Schuldt, Christian and Laptev, Ivan and Caputo, Barbara},
  booktitle={International Conference on Pattern Recognition},
  pages={32-36 Vol.3},
  year={2004}}

@inproceedings{Lotter2016Deep,
	Author = {Lotter, William and Kreiman, Gabriel and Cox, David},
	Booktitle = {International Conference on Learning Representations (ICLR)},
	Title = {Deep Predictive Coding Networks for Video Prediction and Unsupervised Learning},
	Year = {2017}}



@article{cho2014learning,
  title={Learning phrase representations using RNN encoder-decoder for statistical machine translation},
  author={Cho, Kyunghyun and Van Merri{\"e}nboer, Bart and Gulcehre, Caglar and Bahdanau, Dzmitry and Bougares, Fethi and Schwenk, Holger and Bengio, Yoshua},
  journal={arXiv preprint arXiv:1406.1078},
  year={2014}
}

@article{oliu2017folded,
  title={Folded Recurrent Neural Networks for Future Video Prediction},
  author={Oliu, Marc and Selva, Javier and Escalera, Sergio},
  journal={arXiv preprint arXiv:1712.00311},
  year={2017}
}

@inproceedings{lecun1990handwritten,
  title={Handwritten digit recognition with a back-propagation network},
  author={LeCun, Yann and Boser, Bernhard E and Denker, John S and Henderson, Donnie and Howard, Richard E and Hubbard, Wayne E and Jackel, Lawrence D},
  booktitle={Advances in neural information processing systems},
  pages={396--404},
  year={1990}
}

@inproceedings{zhang2016dnn,
  title={DNN-based prediction model for spatio-temporal data},
  author={Zhang, Junbo and Zheng, Yu and Qi, Dekang and Li, Ruiyuan and Yi, Xiuwen},
  booktitle={Proceedings of the 24th ACM SIGSPATIAL International Conference on Advances in Geographic Information Systems},
  pages={92},
  year={2016},
  organization={ACM}
}

@article{kingma2013auto,
  title={Auto-encoding variational bayes},
  author={Kingma, Diederik P and Welling, Max},
  journal={arXiv preprint arXiv:1312.6114},
  year={2013}
}

@article{lee2018stochastic,
  title={Stochastic Adversarial Video Prediction},
  author={Lee, Alex X and Zhang, Richard and Ebert, Frederik and Abbeel, Pieter and Finn, Chelsea and Levine, Sergey},
  journal={arXiv preprint arXiv:1804.01523},
  year={2018}
}

@article{denton2018stochastic,
  title={Stochastic Video Generation with a Learned Prior},
  author={Denton, Emily and Fergus, Rob},
  journal={arXiv preprint arXiv:1802.07687},
  year={2018}
}

@article{bayer2014learning,
  title={Learning stochastic recurrent networks},
  author={Bayer, Justin and Osendorfer, Christian},
  journal={arXiv preprint arXiv:1411.7610},
  year={2014}
}

@inproceedings{fraccaro2016sequential,
  title={Sequential neural models with stochastic layers},
  author={Fraccaro, Marco and S{\o}nderby, S{\o}ren Kaae and Paquet, Ulrich and Winther, Ole},
  booktitle={Advances in neural information processing systems},
  pages={2199--2207},
  year={2016}
}

@article{wang2018predrnn++,
  title={PredRNN++: Towards A Resolution of the Deep-in-Time Dilemma in Spatiotemporal Predictive Learning},
  author={Wang, Yunbo and Gao, Zhifeng and Long, Mingsheng and Wang, Jianmin and Yu, Philip S},
  journal={arXiv preprint arXiv:1804.06300},
  year={2018}
}